<record xmlns="http://www.loc.gov/MARC21/slim" xmlns:xsi="http://www.w3.org/2001/XMLSchema-instance" xsi:schemaLocation="http://www.loc.gov/MARC21/slim http://www.loc.gov/standards/marcxml/schema/MARC21slim.xsd">

  <leader>02338nab a2200169   4500</leader>
  <controlfield tag="005">20160317155925.0</controlfield>
  <controlfield tag="008">150617b2000    cr f|||| |||| 00| 0 spa d</controlfield>
  <datafield ind1=" " ind2=" " tag="090">
    <subfield code="a">REVIS 06.02.01</subfield>
  </datafield>
  <datafield ind1="1" tag="100" ind2=" ">
    <subfield code="9">198</subfield>
    <subfield code="a">González Salazar, Luis Enrique</subfield>
  </datafield>
  <datafield ind1="1" tag="245" ind2="3">
    <subfield code="a">El efecto de la sinergia en la gestión administrativa / </subfield>
    <subfield code="c">Luis Enrique González Salazar</subfield>
  </datafield>
  <datafield tag="260" ind2=" " ind1=" ">
    <subfield code="a">San José, Costa Rica :</subfield>
    <subfield code="b">Editorial Universidad de Costa Rica,</subfield>
    <subfield code="c">2000</subfield>
  </datafield>
  <datafield ind1=" " tag="300" ind2=" ">
    <subfield code="a">páginas 71-80</subfield>
  </datafield>
  <datafield tag="520" ind2=" " ind1=" ">
    <subfield code="a">La gestión administrativa de un centro educativo implica la orquestación de esfuerzos en los que con visión procesal y estratégica se planean, organizan, lideran y controlan, por parte del administrador educativo, las diligencias conjuntas a realizar para el logro de los objetivos educativos e instruccionales.
Con tal propósito, el administrador educativo diseña una estructura organizacional por la que direccionar las acciones de todos los miembros de la comunidad de aprendizaje en el mismo sentido, visualizando el logro de los propósitos institucionales.
La sinergia es un recurso para orquestar esfuerzos, del que puede hacer uso el administrador educativo para organizar el trabajo en equipo producido por los equipos de trabajo, según el diseño de la estructura organizacional con el que coordina su gestión directiva.
Este ensayo trata sobre el efecto de la sinergia en la gestión administrativa. Pretende demostrar que el supuesto del trabajo en equipo y los equipos de trabajo, es un supuesto equivocado que conduce a una  falsa conclusión.
Como antídoto al supuesto falso, se propone un plan general para generar sinergias en una organización educativa. Un plan basado en cuatro grandes estratégias: esclarecimiento de los objetivos y beneficios del trabajar juntos, esclarecimiento de las intervenciones del caudillo curricular, consideraciones sobre los efectos negativos del trabajar juntos y el esclarecimiento de la magnitud del beneficio de la sinergia como una útil herramienta para la organización del centro educativo, siempre y cuando sea ésta usada en armonía con el principio administrativo de la subsidiaridad</subfield>
  </datafield>
  <datafield ind2="4" tag="650" ind1="1">
    <subfield code="9">1</subfield>
    <subfield code="a">EDUCACIÓN</subfield>
  </datafield>
  <datafield ind1="0" tag="773" ind2=" ">
    <subfield code="d">San José, Costa Rica : Editorial de la Universidad de Costa Rica, 1997-</subfield>
    <subfield code="o">R0026</subfield>
    <subfield code="t">EDUCACIÓN: Revista de la Universidad de Costa Rica</subfield>
    <subfield code="g">Vol.24, no.2 (2000)</subfield>
  </datafield>
  <datafield tag="942" ind2=" " ind1=" ">
    <subfield code="2">z</subfield>
    <subfield code="c">10</subfield>
  </datafield>
  <datafield tag="999" ind2=" " ind1=" ">
    <subfield code="c">2681</subfield>
    <subfield code="d">2681</subfield>
  </datafield>
</record>